<?xml version="1.0" encoding="UTF-8"?><collection xmlns="http://www.loc.gov/MARC21/slim"><record><leader>00614nam--2200181-i-4500</leader><controlfield tag="001">000033140</controlfield><controlfield tag="002">20161230</controlfield><controlfield tag="005">20161230201039</controlfield><controlfield tag="008">060222s1000------------r-----000-0-fre-d</controlfield><datafield ind1=" " ind2=" " tag="040"><subfield code="a">IFIN-HH</subfield></datafield><datafield ind1=" " ind2=" " tag="041"><subfield code="a">fre</subfield></datafield><datafield ind1=" " ind2=" " tag="080"><subfield code="a">538.97:539.184.56(043)</subfield></datafield><datafield ind1="1" ind2=" " tag="100"><subfield code="a">Mohamed, Charles</subfield></datafield><datafield ind1="1" ind2="0" tag="245"><subfield code="a">Contribution a l`etude de l`adsorption de l`oxyde de carbone sur la face 100 du molybdene par diffraczion d`electrons lents (del) et spectroscopie auger (aes)</subfield><subfield code="b">These</subfield><subfield code="c">Charles mohamed</subfield></datafield><datafield ind1=" " ind2=" " tag="260"><subfield code="a">Paris</subfield><subfield code="b">Universite Pierre Et Marie Curie</subfield><subfield code="c">1978</subfield></datafield><datafield ind1=" " ind2=" " tag="300"><subfield code="a">94P</subfield></datafield><datafield ind1=" " ind2=" " tag="852"><subfield code="a">75733</subfield><subfield code="c">539.21</subfield></datafield><datafield ind1=" " ind2=" " tag="CAT"><subfield code="a">Sys</subfield><subfield code="c">20121206</subfield><subfield code="h">162151</subfield></datafield></record></collection>